@inproceedings{stickylossy,
  title={Approximate frequency counts over data streams},
  author={Manku, Gurmeet Singh and Motwani, Rajeev},
  booktitle={VLDB'02: Proceedings of the 28th International Conference on Very Large Databases},
  pages={346--357},
  year={2002},
  organization={Elsevier}
}

@inproceedings{spacesaving,
  title={Efficient computation of frequent and top-k elements in data streams},
  author={Metwally, Ahmed and Agrawal, Divyakant and El Abbadi, Amr},
  booktitle={International conference on database theory},
  pages={398--412},
  year={2005},
  organization={Springer}
}

@misc{zeta,
  title = {Hurwitz Zeta Function},
  howpublished = {\url{https://dlmf.nist.gov/25.11}},
  note = {Accessed: 2020-10-25}
}